%YAML 1.1
%TAG !u! tag:unity3d.com,2011:
--- !u!1001 &100100000
Prefab:
  m_ObjectHideFlags: 1
  serializedVersion: 2
  m_Modification:
    m_TransformParent: {fileID: 0}
    m_Modifications: []
    m_RemovedComponents: []
  m_ParentPrefab: {fileID: 0}
  m_RootGameObject: {fileID: 1204230582513616}
  m_IsPrefabParent: 1
--- !u!1 &1204230582513616
GameObject:
  m_ObjectHideFlags: 0
  m_PrefabParentObject: {fileID: 0}
  m_PrefabInternal: {fileID: 100100000}
  serializedVersion: 5
  m_Component:
  - component: {fileID: 4946572104627296}
  - component: {fileID: 33766547798867324}
  - component: {fileID: 23316449808809842}
  - component: {fileID: 114925910894150054}
  - component: {fileID: 114081617002927918}
  - component: {fileID: 65149272105995618}
  m_Layer: 0
  m_Name: cliffBrown_block
  m_TagString: Untagged
  m_Icon: {fileID: 0}
  m_NavMeshLayer: 0
  m_StaticEditorFlags: 1
  m_IsActive: 1
--- !u!4 &4946572104627296
Transform:
  m_ObjectHideFlags: 1
  m_PrefabParentObject: {fileID: 0}
  m_PrefabInternal: {fileID: 100100000}
  m_GameObject: {fileID: 1204230582513616}
  m_LocalRotation: {x: 0, y: -0, z: -0, w: 1}
  m_LocalPosition: {x: 33.786648, y: 9.95, z: -37.58}
  m_LocalScale: {x: 1, y: 1, z: 1}
  m_Children: []
  m_Father: {fileID: 0}
  m_RootOrder: 0
  m_LocalEulerAnglesHint: {x: 0, y: 0, z: 0}
--- !u!23 &23316449808809842
MeshRenderer:
  m_ObjectHideFlags: 1
  m_PrefabParentObject: {fileID: 0}
  m_PrefabInternal: {fileID: 100100000}
  m_GameObject: {fileID: 1204230582513616}
  m_Enabled: 1
  m_CastShadows: 1
  m_ReceiveShadows: 1
  m_DynamicOccludee: 1
  m_MotionVectors: 1
  m_LightProbeUsage: 1
  m_ReflectionProbeUsage: 1
  m_Materials:
  - {fileID: 2100000, guid: 5f1194c80ea1de247a105fe249093bbe, type: 2}
  - {fileID: 2100000, guid: 90869f91a5f63924e9c4808f1b1604ac, type: 2}
  m_StaticBatchInfo:
    firstSubMesh: 0
    subMeshCount: 0
  m_StaticBatchRoot: {fileID: 0}
  m_ProbeAnchor: {fileID: 0}
  m_LightProbeVolumeOverride: {fileID: 0}
  m_ScaleInLightmap: 1
  m_PreserveUVs: 0
  m_IgnoreNormalsForChartDetection: 0
  m_ImportantGI: 0
  m_StitchLightmapSeams: 0
  m_SelectedEditorRenderState: 2
  m_MinimumChartSize: 4
  m_AutoUVMaxDistance: 0.5
  m_AutoUVMaxAngle: 89
  m_LightmapParameters: {fileID: 0}
  m_SortingLayerID: 0
  m_SortingLayer: 0
  m_SortingOrder: 0
--- !u!33 &33766547798867324
MeshFilter:
  m_ObjectHideFlags: 1
  m_PrefabParentObject: {fileID: 0}
  m_PrefabInternal: {fileID: 100100000}
  m_GameObject: {fileID: 1204230582513616}
  m_Mesh: {fileID: 0}
--- !u!65 &65149272105995618
BoxCollider:
  m_ObjectHideFlags: 1
  m_PrefabParentObject: {fileID: 0}
  m_PrefabInternal: {fileID: 100100000}
  m_GameObject: {fileID: 1204230582513616}
  m_Material: {fileID: 0}
  m_IsTrigger: 0
  m_Enabled: 1
  serializedVersion: 2
  m_Size: {x: 1, y: 1, z: 1}
  m_Center: {x: 0, y: 0, z: 0}
--- !u!114 &114081617002927918
MonoBehaviour:
  m_ObjectHideFlags: 1
  m_PrefabParentObject: {fileID: 0}
  m_PrefabInternal: {fileID: 100100000}
  m_GameObject: {fileID: 1204230582513616}
  m_Enabled: 1
  m_EditorHideFlags: 0
  m_Script: {fileID: 185759285, guid: 0472bdc8d6d15384d98f22ee34302f9c, type: 3}
  m_Name: 
  m_EditorClassIdentifier: 
  _quads:
  - _indices: 000000000100000002000000030000000200000001000000
    _distinctIndices: 00000000010000000200000003000000
    _edges:
    - x: 0
      y: 1
    - x: 2
      y: 0
    - x: 3
      y: 2
    - x: 1
      y: 3
    _smoothingGroup: 0
    _uv:
      useWorldSpace: 0
      flipU: 0
      flipV: 0
      swapUV: 0
      fill: 1
      scale: {x: 1, y: 1}
      offset: {x: 0, y: 0}
      rotation: 0
      justify: 0
      localPivot: {x: 0, y: 0}
      localSize: {x: 0, y: 0}
      anchor: 9
    _mat: {fileID: 2100000, guid: 5f1194c80ea1de247a105fe249093bbe, type: 2}
    manualUV: 1
    elementGroup: -1
    textureGroup: -1
  - _indices: 040000000500000006000000070000000600000005000000
    _distinctIndices: 04000000050000000600000007000000
    _edges:
    - x: 4
      y: 5
    - x: 6
      y: 4
    - x: 7
      y: 6
    - x: 5
      y: 7
    _smoothingGroup: 0
    _uv:
      useWorldSpace: 0
      flipU: 0
      flipV: 0
      swapUV: 0
      fill: 1
      scale: {x: 1, y: 1}
      offset: {x: 0, y: 0}
      rotation: 0
      justify: 0
      localPivot: {x: 0, y: 0}
      localSize: {x: 0, y: 0}
      anchor: 9
    _mat: {fileID: 2100000, guid: 5f1194c80ea1de247a105fe249093bbe, type: 2}
    manualUV: 1
    elementGroup: -1
    textureGroup: -1
  - _indices: 08000000090000000a0000000b0000000a00000009000000
    _distinctIndices: 08000000090000000a0000000b000000
    _edges:
    - x: 8
      y: 9
    - x: 10
      y: 8
    - x: 11
      y: 10
    - x: 9
      y: 11
    _smoothingGroup: 0
    _uv:
      useWorldSpace: 0
      flipU: 0
      flipV: 0
      swapUV: 0
      fill: 1
      scale: {x: 1, y: 1}
      offset: {x: 0, y: 0}
      rotation: 0
      justify: 0
      localPivot: {x: 0, y: 0}
      localSize: {x: 0, y: 0}
      anchor: 9
    _mat: {fileID: 2100000, guid: 5f1194c80ea1de247a105fe249093bbe, type: 2}
    manualUV: 1
    elementGroup: -1
    textureGroup: -1
  - _indices: 0c0000000d0000000e0000000f0000000e0000000d000000
    _distinctIndices: 0c0000000d0000000e0000000f000000
    _edges:
    - x: 12
      y: 13
    - x: 14
      y: 12
    - x: 15
      y: 14
    - x: 13
      y: 15
    _smoothingGroup: 0
    _uv:
      useWorldSpace: 0
      flipU: 0
      flipV: 0
      swapUV: 0
      fill: 1
      scale: {x: 1, y: 1}
      offset: {x: 0, y: 0}
      rotation: 0
      justify: 0
      localPivot: {x: 0, y: 0}
      localSize: {x: 0, y: 0}
      anchor: 9
    _mat: {fileID: 2100000, guid: 5f1194c80ea1de247a105fe249093bbe, type: 2}
    manualUV: 1
    elementGroup: -1
    textureGroup: -1
  - _indices: 100000001100000012000000130000001200000011000000
    _distinctIndices: 10000000110000001200000013000000
    _edges:
    - x: 16
      y: 17
    - x: 18
      y: 16
    - x: 19
      y: 18
    - x: 17
      y: 19
    _smoothingGroup: 0
    _uv:
      useWorldSpace: 0
      flipU: 0
      flipV: 0
      swapUV: 0
      fill: 1
      scale: {x: 1, y: 1}
      offset: {x: 0, y: 0}
      rotation: 0
      justify: 0
      localPivot: {x: 0, y: 0}
      localSize: {x: 0, y: 0}
      anchor: 9
    _mat: {fileID: 2100000, guid: 5f1194c80ea1de247a105fe249093bbe, type: 2}
    manualUV: 1
    elementGroup: -1
    textureGroup: -1
  - _indices: 140000001500000016000000170000001600000015000000
    _distinctIndices: 14000000150000001600000017000000
    _edges:
    - x: 20
      y: 21
    - x: 22
      y: 20
    - x: 23
      y: 22
    - x: 21
      y: 23
    _smoothingGroup: 0
    _uv:
      useWorldSpace: 0
      flipU: 0
      flipV: 0
      swapUV: 0
      fill: 1
      scale: {x: 1, y: 1}
      offset: {x: 0, y: 0}
      rotation: 0
      justify: 0
      localPivot: {x: 0, y: 0}
      localSize: {x: 0, y: 0}
      anchor: 9
    _mat: {fileID: 2100000, guid: 90869f91a5f63924e9c4808f1b1604ac, type: 2}
    manualUV: 1
    elementGroup: -1
    textureGroup: -1
  _sharedIndices:
  - array: 00000000080000000f000000
  - array: 010000000d00000011000000
  - array: 020000000600000009000000
  - array: 030000000400000010000000
  - array: 050000001200000016000000
  - array: 070000000b00000017000000
  - array: 0a0000000e00000015000000
  - array: 0c0000001300000014000000
  _vertices:
  - {x: 0, y: 0, z: 10}
  - {x: 0, y: 0, z: 0}
  - {x: 10, y: 0, z: 10}
  - {x: 10, y: 0, z: 0}
  - {x: 10, y: 0, z: 0}
  - {x: 10, y: 10, z: 0}
  - {x: 10, y: 0, z: 10}
  - {x: 10, y: 10, z: 10}
  - {x: 0, y: 0, z: 10}
  - {x: 10, y: 0, z: 10}
  - {x: 0, y: 10, z: 10}
  - {x: 10, y: 10, z: 10}
  - {x: 0, y: 10, z: 0}
  - {x: 0, y: 0, z: 0}
  - {x: 0, y: 10, z: 10}
  - {x: 0, y: 0, z: 10}
  - {x: 10, y: 0, z: 0}
  - {x: 0, y: 0, z: 0}
  - {x: 10, y: 10, z: 0}
  - {x: 0, y: 10, z: 0}
  - {x: 0, y: 10, z: 0}
  - {x: 0, y: 10, z: 10}
  - {x: 10, y: 10, z: 0}
  - {x: 10, y: 10, z: 10}
  _uv:
  - {x: 0, y: 39.37008}
  - {x: 0, y: 0}
  - {x: -39.37008, y: 39.37008}
  - {x: -39.37008, y: 0}
  - {x: 0, y: 0}
  - {x: 0, y: 39.37008}
  - {x: 39.37008, y: 0}
  - {x: 39.37008, y: 39.37008}
  - {x: 0, y: 0}
  - {x: -39.37008, y: 0}
  - {x: 0, y: 39.37008}
  - {x: -39.37008, y: 39.37008}
  - {x: 0, y: 39.37008}
  - {x: 0, y: 0}
  - {x: -39.37008, y: 39.37008}
  - {x: -39.37008, y: 0}
  - {x: 39.37008, y: 0}
  - {x: 0, y: 0}
  - {x: 39.37008, y: 39.37008}
  - {x: 0, y: 39.37008}
  - {x: 0, y: 0}
  - {x: 0, y: 39.37008}
  - {x: 39.37008, y: 0}
  - {x: 39.37008, y: 39.37008}
  _uv3:
  - {x: 0, y: 0, z: 0, w: 0}
  - {x: 0, y: 0, z: 0, w: 0}
  - {x: 0, y: 0, z: 0, w: 0}
  - {x: 0, y: 0, z: 0, w: 0}
  - {x: 0, y: 0, z: 0, w: 0}
  - {x: 0, y: 0, z: 0, w: 0}
  - {x: 0, y: 0, z: 0, w: 0}
  - {x: 0, y: 0, z: 0, w: 0}
  - {x: 0, y: 0, z: 0, w: 0}
  - {x: 0, y: 0, z: 0, w: 0}
  - {x: 0, y: 0, z: 0, w: 0}
  - {x: 0, y: 0, z: 0, w: 0}
  - {x: 0, y: 0, z: 0, w: 0}
  - {x: 0, y: 0, z: 0, w: 0}
  - {x: 0, y: 0, z: 0, w: 0}
  - {x: 0, y: 0, z: 0, w: 0}
  - {x: 0, y: 0, z: 0, w: 0}
  - {x: 0, y: 0, z: 0, w: 0}
  - {x: 0, y: 0, z: 0, w: 0}
  - {x: 0, y: 0, z: 0, w: 0}
  - {x: 0, y: 0, z: 0, w: 0}
  - {x: 0, y: 0, z: 0, w: 0}
  - {x: 0, y: 0, z: 0, w: 0}
  - {x: 0, y: 0, z: 0, w: 0}
  _uv4:
  - {x: 0, y: 0, z: 0, w: 0}
  - {x: 0, y: 0, z: 0, w: 0}
  - {x: 0, y: 0, z: 0, w: 0}
  - {x: 0, y: 0, z: 0, w: 0}
  - {x: 0, y: 0, z: 0, w: 0}
  - {x: 0, y: 0, z: 0, w: 0}
  - {x: 0, y: 0, z: 0, w: 0}
  - {x: 0, y: 0, z: 0, w: 0}
  - {x: 0, y: 0, z: 0, w: 0}
  - {x: 0, y: 0, z: 0, w: 0}
  - {x: 0, y: 0, z: 0, w: 0}
  - {x: 0, y: 0, z: 0, w: 0}
  - {x: 0, y: 0, z: 0, w: 0}
  - {x: 0, y: 0, z: 0, w: 0}
  - {x: 0, y: 0, z: 0, w: 0}
  - {x: 0, y: 0, z: 0, w: 0}
  - {x: 0, y: 0, z: 0, w: 0}
  - {x: 0, y: 0, z: 0, w: 0}
  - {x: 0, y: 0, z: 0, w: 0}
  - {x: 0, y: 0, z: 0, w: 0}
  - {x: 0, y: 0, z: 0, w: 0}
  - {x: 0, y: 0, z: 0, w: 0}
  - {x: 0, y: 0, z: 0, w: 0}
  - {x: 0, y: 0, z: 0, w: 0}
  _tangents: []
  _sharedIndicesUV: []
  _colors:
  - {r: 0, g: 0, b: 0, a: 0}
  - {r: 0, g: 0, b: 0, a: 0}
  - {r: 0, g: 0, b: 0, a: 0}
  - {r: 0, g: 0, b: 0, a: 0}
  - {r: 0, g: 0, b: 0, a: 0}
  - {r: 0, g: 0, b: 0, a: 0}
  - {r: 0, g: 0, b: 0, a: 0}
  - {r: 0, g: 0, b: 0, a: 0}
  - {r: 0, g: 0, b: 0, a: 0}
  - {r: 0, g: 0, b: 0, a: 0}
  - {r: 0, g: 0, b: 0, a: 0}
  - {r: 0, g: 0, b: 0, a: 0}
  - {r: 0, g: 0, b: 0, a: 0}
  - {r: 0, g: 0, b: 0, a: 0}
  - {r: 0, g: 0, b: 0, a: 0}
  - {r: 0, g: 0, b: 0, a: 0}
  - {r: 0, g: 0, b: 0, a: 0}
  - {r: 0, g: 0, b: 0, a: 0}
  - {r: 0, g: 0, b: 0, a: 0}
  - {r: 0, g: 0, b: 0, a: 0}
  - {r: 0, g: 0, b: 0, a: 0}
  - {r: 0, g: 0, b: 0, a: 0}
  - {r: 0, g: 0, b: 0, a: 0}
  - {r: 0, g: 0, b: 0, a: 0}
  userCollisions: 0
  isSelectable: 1
  unwrapParameters:
    hardAngle: 88
    packMargin: 4
    angleError: 8
    areaError: 15
  asset_guid: 
  dontDestroyMeshOnDelete: 0
  m_selectedFaces: 
  m_SelectedEdges: []
  m_selectedTriangles: 
--- !u!114 &114925910894150054
MonoBehaviour:
  m_ObjectHideFlags: 1
  m_PrefabParentObject: {fileID: 0}
  m_PrefabInternal: {fileID: 100100000}
  m_GameObject: {fileID: 1204230582513616}
  m_Enabled: 1
  m_EditorHideFlags: 0
  m_Script: {fileID: 16342205, guid: 0472bdc8d6d15384d98f22ee34302f9c, type: 3}
  m_Name: 
  m_EditorClassIdentifier: 
  _entityType: 0
